<record xmlns="http://www.loc.gov/MARC21/slim" xmlns:xsi="http://www.w3.org/2001/XMLSchema-instance" xsi:schemaLocation="http://www.loc.gov/MARC21/slim http://www.loc.gov/standards/marcxml/schema/MARC21slim.xsd">

  <leader>00602nam a2200205Ia 4500</leader>
  <controlfield tag="008">160107b1984    sp ||||| |||| 00| | spa d</controlfield>
  <datafield ind2=" " tag="020" ind1=" ">
    <subfield code="a">9501218023</subfield>
  </datafield>
  <datafield ind1=" " tag="090" ind2=" ">
    <subfield code="a">371.27 </subfield>
    <subfield code="b">A654a</subfield>
  </datafield>
  <datafield ind1="1" ind2="0" tag="245">
    <subfield code="a">Aprendizaje escolar y evaluación /  </subfield>
    <subfield code="c">B. F. Skinner, R. L. Thorndike y otros</subfield>
  </datafield>
  <datafield ind2=" " tag="260" ind1=" ">
    <subfield code="a">Barcelona, España : </subfield>
    <subfield code="b">Paidós, </subfield>
    <subfield code="c">1984</subfield>
  </datafield>
  <datafield ind1=" " ind2=" " tag="300">
    <subfield code="a">206 páginas</subfield>
  </datafield>
  <datafield tag="650" ind2="4" ind1="1">
    <subfield code="a">EDUCACIÓN</subfield>
    <subfield code="9">1</subfield>
  </datafield>
  <datafield ind1="1" tag="650" ind2="4">
    <subfield code="a">EVALUACIÓN </subfield>
    <subfield code="9">287</subfield>
  </datafield>
  <datafield ind2="4" tag="650" ind1="1">
    <subfield code="a">APRENDIZAJE </subfield>
    <subfield code="9">387</subfield>
  </datafield>
  <datafield ind1="1" tag="650" ind2="4">
    <subfield code="a">TEORÍA DE LA EDUCACIÓN</subfield>
    <subfield code="9">661</subfield>
  </datafield>
  <datafield tag="650" ind2="4" ind1="1">
    <subfield code="a">DOCENTES</subfield>
    <subfield code="9">331</subfield>
  </datafield>
  <datafield ind2="4" tag="650" ind1="1">
    <subfield code="a">ALUMNOS</subfield>
    <subfield code="9">1272</subfield>
  </datafield>
  <datafield ind2=" " tag="700" ind1="1">
    <subfield code="a">Skinner, B.F.</subfield>
    <subfield code="9">1273</subfield>
  </datafield>
  <datafield tag="942" ind2=" " ind1=" ">
    <subfield code="2">z</subfield>
    <subfield code="c">01</subfield>
  </datafield>
  <datafield ind1=" " ind2=" " tag="999">
    <subfield code="c">320</subfield>
    <subfield code="d">320</subfield>
  </datafield>
</record>